<?xml version="1.0" encoding="UTF-8"?>
<collection xmlns:xsi="http://www.w3.org/2001/XMLSchema-instance" xsi:schemaLocation="http://www.loc.gov/MARC21/slim http://www.loc.gov/standards/marcxml/schema/MARC21slim.xsd" xmlns="http://www.loc.gov/MARC21/slim">
<record>
  <leader>00854cam a2200217   4500</leader>
  <controlfield tag="001">641085</controlfield>
  <controlfield tag="003">NNC</controlfield>
  <controlfield tag="005">20130423143800.0</controlfield>
  <controlfield tag="008">880415q19821983ir            000 0 ara  </controlfield>
  <datafield tag="035" ind1=" " ind2=" ">
    <subfield code="a">(OCoLC)48483101</subfield>
  </datafield>
  <datafield tag="035" ind1=" " ind2=" ">
    <subfield code="a">(OCoLC)ocm48483101</subfield>
  </datafield>
  <datafield tag="035" ind1=" " ind2=" ">
    <subfield code="a">(CStRLIN)NYCG88-B26841</subfield>
  </datafield>
  <datafield tag="035" ind1=" " ind2=" ">
    <subfield code="9">ACU7818CU</subfield>
  </datafield>
  <datafield tag="035" ind1=" " ind2=" ">
    <subfield code="a">(NNC)641085</subfield>
  </datafield>
  <datafield tag="050" ind1=" " ind2="4">
    <subfield code="a">BP130.4</subfield>
    <subfield code="b">.S815 1982</subfield>
  </datafield>
  <datafield tag="100" ind1="0" ind2=" ">
    <subfield code="a">Suyūṭī,</subfield>
    <subfield code="d">1445-1505.</subfield>
  </datafield>
  <datafield tag="245" ind1="1" ind2="3">
    <subfield code="a">al-Durr al-manthūr fī al-tafsīr bi-al-maʾthūr /</subfield>
    <subfield code="c">lil-Imām Jalāl al-Dīn ʻAbd al-Rahman al-Suyūṭī. Wa-bi-hāmishihi Kitab tanwir al-miqbas fi tafsir Ibn ʻAbbas.</subfield>
  </datafield>
  <datafield tag="260" ind1=" " ind2=" ">
    <subfield code="a">Qum :</subfield>
    <subfield code="b">Maktabat Ayat Allah al-ʻUzma al-Marʻashi al-Najafi,</subfield>
    <subfield code="c">1403h [i.e. 1982 or 1983]</subfield>
  </datafield>
  <datafield tag="300" ind1=" " ind2=" ">
    <subfield code="a">6 v. in 3.</subfield>
  </datafield>
  <datafield tag="630" ind1="0" ind2="0">
    <subfield code="a">Qurʼan</subfield>
    <subfield code="v">Commentaries</subfield>
    <subfield code="v">Early works to 1800.</subfield>
  </datafield>
  <datafield tag="700" ind1="0" ind2="2">
    <subfield code="a">ʻAbd Allāh ibn al-ʻAbbās,</subfield>
    <subfield code="d">-688?</subfield>
    <subfield code="t">Tanwīr al-muqbās.</subfield>
  </datafield>
  <datafield tag="955" ind1=" " ind2=" ">
    <subfield code="b">CU01614185</subfield>
    <subfield code="d">off,glx</subfield>
    <subfield code="e">BP130.4 .S815 1982g</subfield>
    <subfield code="v">v.3</subfield>
  </datafield>
</record>
</collection>